<record><leader>00000cas a22000007a 4500</leader><controlfield tag="001">17063563</controlfield><controlfield tag="008">871125d19031913ohuwr ne      0    0eng d</controlfield><datafield ind1=" " ind2=" " tag="010"><subfield code="a">sn 87075218 </subfield></datafield><datafield ind1=" " ind2=" " tag="040"><subfield code="a">ONP</subfield><subfield code="b">eng</subfield><subfield code="c">ONP</subfield><subfield code="d">OCLCQ</subfield></datafield><datafield ind1=" " ind2=" " tag="042"><subfield code="a">msc</subfield></datafield><datafield ind1="0" ind2="4" tag="245"><subfield code="a">The Lowell record.</subfield></datafield><datafield ind1=" " ind2=" " tag="260"><subfield code="a">Lowell, Washington County, Ohio :</subfield><subfield code="b">Spencer F. Kile &amp; Co.</subfield></datafield><datafield ind1=" " ind2=" " tag="310"><subfield code="a">Weekly</subfield></datafield><datafield ind1="1" ind2=" " tag="362"><subfield code="a">Began in 1903; ceased in Mar. 1913?</subfield></datafield><datafield ind1=" " ind2=" " tag="588"><subfield code="a">Description based on: Vol. 4, no. 20 (Jan. 18, 1907).</subfield></datafield><datafield ind1=" " ind2=" " tag="752"><subfield code="a">United States</subfield><subfield code="b">Ohio</subfield><subfield code="c">Washington</subfield><subfield code="d">Lowell.</subfield></datafield></record>